<record><leader>00000cas a22000007a 4500</leader><controlfield tag="001">21586274</controlfield><controlfield tag="008">900524d18921895moudn ne      0    0eng d</controlfield><datafield ind1=" " ind2=" " tag="010"><subfield code="a">sn 90061645 </subfield></datafield><datafield ind1=" " ind2=" " tag="040"><subfield code="a">MQN</subfield><subfield code="b">eng</subfield><subfield code="c">MQN</subfield><subfield code="d">NVF</subfield><subfield code="d">OCLCQ</subfield><subfield code="d">OCLCF</subfield><subfield code="d">OCLCO</subfield></datafield><datafield ind1="1" ind2=" " tag="029"><subfield code="a">AU@</subfield><subfield code="b">000025853487</subfield></datafield><datafield ind1=" " ind2=" " tag="042"><subfield code="a">msc</subfield></datafield><datafield ind1=" " ind2=" " tag="043"><subfield code="a">n-us-mo</subfield></datafield><datafield ind1="0" ind2=" " tag="130"><subfield code="a">Springfield leader (Springfield, Mo. : 1892)</subfield></datafield><datafield ind1="1" ind2="4" tag="245"><subfield code="a">The Springfield leader.</subfield></datafield><datafield ind1="3" ind2="0" tag="246"><subfield code="a">Leader</subfield></datafield><datafield ind1=" " ind2=" " tag="260"><subfield code="a">Springfield, Mo. :</subfield><subfield code="b">Chambers &amp; Kennedy,</subfield><subfield code="c">1892-1895.</subfield></datafield><datafield ind1=" " ind2=" " tag="300"><subfield code="a">v.</subfield></datafield><datafield ind1=" " ind2=" " tag="310"><subfield code="a">Daily (except Sunday)</subfield></datafield><datafield ind1="0" ind2=" " tag="362"><subfield code="a">Vol. 10, no. 289 (Mar. 4, 1892)-v. 15, no. 93 (July 16, 1895).</subfield></datafield><datafield ind1=" " ind2=" " tag="500"><subfield code="a">Published as: Leader, Apr. 2, 1894-May 3, 1895.</subfield></datafield><datafield ind1=" " ind2="0" tag="651"><subfield code="a">Springfield (Mo.)</subfield><subfield code="v">Newspapers.</subfield></datafield><datafield ind1=" " ind2="7" tag="655"><subfield code="a">Newspapers.</subfield><subfield code="2">fast</subfield><subfield code="0">(OCoLC)fst01423814</subfield></datafield><datafield ind1=" " ind2="7" tag="651"><subfield code="a">Missouri</subfield><subfield code="z">Springfield.</subfield><subfield code="2">fast</subfield><subfield code="0">(OCoLC)fst01212826</subfield></datafield><datafield ind1=" " ind2=" " tag="752"><subfield code="a">United States</subfield><subfield code="b">Missouri</subfield><subfield code="c">Greene</subfield><subfield code="d">Springfield.</subfield></datafield><datafield ind1="0" ind2=" " tag="775"><subfield code="t">Springfield leader (Springfield, Mo. : 1867)</subfield><subfield code="w">(DLC)sn 85034120</subfield></datafield><datafield ind1="0" ind2="0" tag="780"><subfield code="t">Springfield daily leader</subfield><subfield code="w">(DLC)sn 90061644</subfield></datafield><datafield ind1="0" ind2="7" tag="785"><subfield code="t">Springfield Democrat (Springfield, Mo. : Daily)</subfield><subfield code="w">(DLC)sn 90061650</subfield></datafield><datafield ind1="0" ind2="7" tag="785"><subfield code="t">Leader-Democrat (Springfield, Mo. : Daily)</subfield><subfield code="w">(DLC)sn 90061646</subfield></datafield></record>